<?xml version="1.0" encoding="UTF-8"?><collection xmlns="http://www.loc.gov/MARC21/slim"><record><leader>00334nam--2200133-i-4500</leader><controlfield tag="001">000046271</controlfield><controlfield tag="002">20161230</controlfield><controlfield tag="005">20161230201045</controlfield><controlfield tag="008">060222s1000------------r-----000-0-eng-d</controlfield><datafield ind1=" " ind2=" " tag="080"><subfield code="a">548.7</subfield></datafield><datafield ind1=" " ind2=" " tag="100"><subfield code="a">Vand, V</subfield></datafield><datafield ind1=" " ind2=" " tag="245"><subfield code="a">Tables for direct determination of crystal structures</subfield></datafield><datafield ind1=" " ind2=" " tag="260"><subfield code="a">Glasgow, The Univ., 1953, 110p</subfield></datafield><datafield ind1=" " ind2=" " tag="852"><subfield code="a">25024</subfield></datafield></record></collection>